% Hier Bibtex-Quellen einf端gen. Einige Beispiele sind unten f端r B端cher angegeben.
@book{Dubbel.2007,
	editor = {Dubbel, H. and Grote, K.-H.},
	year = {2007},
	title = {Taschenbuch f端r den Maschinenbau},
	address = {Berlin, Heidelberg, New York},
	edition = {22., neubearb. und erw},
	publisher = {Springer},
	isbn = {3540497145}
}

@book{Eringen.1962,
	author = {Eringen, A. C.},
	year = {1962},
	title = {{N}onlinear Theory of Continuous Media},
	address = {New York},
	publisher = {McGraw-Hill},
	series = {{M}c{G}raw-{H}ill Series in Engineering Sciences}
}
@article{guo2022design,
	title={Design and dynamic analysis of jumping wheel-legged robot in complex terrain environment},
	author={Guo, Tiezheng and Liu, Jinhui and Liang, Haonan and Zhang, Yitong and Chen, Wei and Xia, Ximing and Wang, Meiqing and Wang, Zhiming},
	journal={Frontiers in Neurorobotics},
	volume={16},
	pages={1066714},
	year={2022},
	publisher={Frontiers}
}

@inproceedings{python_control2021,
  author = {Fuller, S. and Greiner, B. and Moore, J. and Murray, R. and van Paassen, R. and Yorke, R.},
  title = {The Python Control Systems Library (python-control)},
  booktitle = {60th IEEE Conference on Decision and Control (CDC)},
  pages = {4875--4881},
  year = {2021},
  organization = {IEEE},
  url = {https://python-control.org}
}
